% Encoding: UTF-8

 @misc{torpey, 
    title={Confessions of a wall street programmer}, 
    url={http://btorpey.github.io/blog/2014/02/18/clock-sources-in-linux/}, 
    journal={Measuring Latency in Linux - Confessions of a Wall Street Programmer}, 
    author={Torpey, Bill}
} 